@misc{softras,  
  url = {https://arxiv.org/abs/1904.01786},
  author = {Liu, Shichen and Li, Tianye and Chen, Weikai and Li, Hao},
  keywords = {Computer Vision and Pattern Recognition (cs.CV), FOS: Computer and information sciences, FOS: Computer and information sciences},
  title = {Soft Rasterizer: A Differentiable Renderer for Image-based 3D Reasoning},
  year = {2019},
  
}

@misc{shapenet,
  title       = {ShapeNet: An Information-Rich 3D Model Repository},
  author      = {Chang, Angel X. and Funkhouser, Thomas and Guibas, Leonidas and Hanrahan, Pat and Huang, Qixing and Li, Zimo and Savarese, Silvio and Savva, Manolis and Song, Shuran and Su, Hao and Xiao, Jianxiong and Yi, Li and Yu, Fisher},
  number      = {arXiv:1512.03012 [cs.GR]},
  institution = {Stanford University, Princeton University, Toyota Technological Institute at Chicago},
  year        = {2015}
}

@misc{aloi,
  author={Geusebroek, Jan-Mark and Burghouts, Gertjan J. and Smeulders, Arnold W.M.},
  title={The Amsterdam Library of Object Images},
  journal={International Journal of Computer Vision},
  year={2005},
  url={https://doi.org/10.1023/B:VISI.0000042993.50813.60}
}

@misc{deeplab,  
  author    = {Liang{-}Chieh Chen and
               George Papandreou and
               Florian Schroff and
               Hartwig Adam},
  title     = {Rethinking Atrous Convolution for Semantic Image Segmentation},
  year      = {2017},
  url       = {http://arxiv.org/abs/1706.05587},
}

@misc{neural3dmeshrenderer, 
  url = {https://arxiv.org/abs/1711.07566},
  author = {Kato, Hiroharu and Ushiku, Yoshitaka and Harada, Tatsuya},  
  title = {Neural 3D Mesh Renderer},
  year = {2017},
}
